@article{LaBaMa09,
  author = {Kai Labusch and Erhardt Barth and Thomas Martinetz},
  journal = {Neurocomputing},
  title = {{Sparse Coding Neural Gas: Learning of Overcomplete Data Representations}},
  year = {2009},
  volume = {72},
  number = {7-9},
  pages = {1547-1555},
  pdf = {http://www.inb.uni-luebeck.de/publications/pdfs/LaBaMa09.pdf},
  url = {http://www.inb.uni-luebeck.de/tools-demos/scng},
  optinb_www = {1}
}

@inproceedings{lecun-01a,
  author = {LeCun, Y. and Bottou, L. and Bengio, Y. and Haffner, P.},
  title = {{Gradient-Based Learning Applied to Document Recognition}},
  booktitle = {{Intelligent Signal Processing}},
  editors = {Haykin, S. and Kosko, B.},
  pages = {306-351},
  publisher = {IEEE Press},
  year = {2001}
}

@mastersthesis{tiny-images,
  author = {Alex Krizhevsky},
  title = {{Learning Multiple Layers of Features from Tiny Images}},
  year = {2009},
  month = {april},
}

@article{emergence,
  author = {Bruno Olshausen and David Field},
  title = {{Emergence of Simple-Cell Receptive Field Properties by Learning a Sparse Code for Natural Images}},
  year = {1996},
  month = {june},
  journal = {Nature},
  volume = {381},
  pages = {607-609}
}

@article{strategyv1,
  author = {Bruno Olshausen and David Field},
  title = {{Sparse Coding with an Overcomplete Basis Set: A Strategy Employed by V1?}},
  year = {1998},
  month = {january},
  journal = {{Vision Research}},
  volume = {37},
  pages = {3311-3325}
}

@article{minimall1,
  author = {David Donoho},
  title = {{For Most Large Underdetermined Systems of Linear Equations the Minimal $\mathcal{L}_1$-norm Solution is also the Sparsest Solution}},
  year = {2006},
  month = {september},
  journal = {{Communications on Pure and Applied Mathematics}},
  volume = {59},
  issue = {6},
  pages = {797-829}
}

@article{matchingpursuit1,
  author = {Stephane Mallat and Zhifeng Zhang},
  author = {{Matching Pursuits With Time-Frequency Dictionaries}},
  year = {1993},
  month = {december},
  journal = {{IEEE Transactions on Signal Processing}},
  volume = {41},
  issue = {12},
  pages = {3397-3415}
}

@article{matchingpursuit2,
  author = {Geoffrey Davis and Stephane Mallat and Zhifeng Zhang},
  title = {{Adaptive Time-Frequency Decomposition with Matching Pursuits}},
  journal = {{SPIE Journal of Optical Engineering}},
  volume = {33},
  pages = {2183-2191},
  year = {1994},
  month = {july}
}

@inproceedings{orthopursuit,
  author = {Y.C. Pati and R. Rezaiifar and P.S. Krishnaprasad},
  title = {{Orthogonal Matching Pursuit: Recursive Function Approximation with Applications to Wavelet Decomposition}},
  booktitle = {{Asilomar Conference on Signals, Systems and Computers}},
  year = {1993},
  month = {november}
}

@article{optimizedorthopursuit,
  author = {L. Rebollo-Neira and D. Lowe},
  title = {{Optimized Orthogonal Matching Pursuit Approach}},
  journal = {{IEEE Signal Processing Letters}},
  volume = {9},
  pages = {137-140},
  year = {2002},
  month = {april}
}

@article{orthogonalls,
  author = {S. Chen and S.A. Billings and W.Luo},
  title = {{Orthogonal Least Squares Methods and their Application to Non-Linear System Identification}},
  journal = {{International Journal of Control}},
  volume = {50},
  issue = {5},
  pages = {1873-1896},
  year = {1989}
}


@article{pursuitdifferences,
  author = {Thomas Blumensath and Mike Davies},
  title = {{On the Difference Between Orthogonal Matching Pursuit and Orthogonal Least Squares}},
  year = {2007},
  month = {march}
}

@article{LaBaMa08c,
  author = {Kai Labusch and Erhardt Barth and Thomas Martinetz},
  journal = {IEEE Transactions on Neural Networks},
  title = {{Simple Method for High-Performance Digit Recognition Based on Sparse Coding}},
  year = {2008},
  volume = {19},
  pages = {1985-1989},
  number = {11},
  pdf = {http://www.inb.uni-luebeck.de/publications/pdfs/LaBaMa08c.pdf},
  url = {http://www.inb.uni-luebeck.de/tools-demos/digit-recognition-using-sparse-coding},
  optinb_www = {1}
}

@article{importanceencoding,
  author = {Adam Coates and Andrew Ng},
  title = {{The Importance of Encoding Versus Training with Sparse Coding and Vector Quantization}},
  journal = {{Proceedings Of the Twenty-Eight International Conference On Machine Learning}},
  year = {2011}
}

@article{randomweights,
  author = {Andrew Saxe and Pang Wei Koh and Zhenghao Chen and Maneesh Bhand and Bipin Suresh and Andrew Ng},
  title = {{On Random Weights and Unsupervised Feature Learning}},
  journal = {{Proceedings Of the Twenty-Eight International Conference On Machine Learning}},
  year = {2011}
}
